<?xml version="1.0" encoding="UTF-8"?>
<record xmlns="http://www.loc.gov/MARC21/slim">
   <leader>01464cam a22003375  4500</leader>
   <controlfield tag="001">1682458</controlfield>
   <controlfield tag="003">NjP</controlfield>
   <controlfield tag="005">20190705143744.0</controlfield>
   <controlfield tag="008">991208s1900    ua            000 0 ara d</controlfield>
   <datafield tag="024" ind1="7" ind2=" ">
      <subfield code="a">princeton_aco004764</subfield>
      <subfield code="2">local</subfield>
   </datafield>
   <datafield ind1=" " ind2=" " tag="035">
      <subfield code="9">CFK5493TS</subfield>
   </datafield>
   <datafield ind1=" " ind2=" " tag="035">
      <subfield code="a">(NjP)1682458</subfield>
   </datafield>
   <datafield ind1=" " ind2=" " tag="040">
      <subfield code="a">PUL</subfield>
      <subfield code="c">PUL</subfield>
      <subfield code="d">PUL</subfield>
   </datafield>
   <datafield ind1=" " ind2=" " tag="049">
      <subfield code="a">PULL</subfield>
   </datafield>
   <datafield ind1=" " ind2=" " tag="035">
      <subfield code="a">(OCoLC)ocm42951515</subfield>
   </datafield>
   <datafield ind1="1" ind2=" " tag="100">
      <subfield code="6">880-01</subfield>
      <subfield code="a">Muḥammad, Sayyid.</subfield>
   </datafield>
   <datafield ind1="0" ind2="3" tag="245">
      <subfield code="6">880-02</subfield>
      <subfield code="a">al-Durrah al-ʻAbbāsīyah fī al-ʻaqāʼid wa-al-ʻibādāt al-dīnīyah.</subfield>
   </datafield>
   <datafield ind1=" " ind2=" " tag="260">
      <subfield code="6">880-03</subfield>
      <subfield code="a">Būlāq,</subfield>
      <subfield code="b">al-Maṭbaʻah al-Kubrā al-Amīrīyah,</subfield>
      <subfield code="c">1900.</subfield>
   </datafield>
   <datafield ind1=" " ind2=" " tag="300">
      <subfield code="a">38 p.</subfield>
      <subfield code="c">20 cm.</subfield>
   </datafield>
   <datafield ind1=" " ind2=" " tag="546">
      <subfield code="a">In Arabic.</subfield>
   </datafield>
   <datafield ind1=" " ind2=" " tag="500">
      <subfield code="a">7th ed.</subfield>
   </datafield>
   <datafield ind1=" " ind2=" " tag="590">
      <subfield code="6">880-04</subfield>
      <subfield code="a">Bound with Fatḥ Allāh, Ḥamzah. al-ʻUqūd al-durrīyah fī al-ʻaqāʼid al-tawḥīdīyah. Būlāq, 1902.</subfield>
   </datafield>
   <datafield ind1=" " ind2=" " tag="590">
      <subfield code="a">Bound with Fatḥ Allāh, Ḥamzah. al-ʻUqūd al-durrīyah fī al-ʻaqāʾid al-tawḥīdīyah. Būlāq, 1902.</subfield>
   </datafield>
   <datafield ind1="1" ind2=" " tag="880">
      <subfield code="6">100-01/r</subfield>
      <subfield code="a">محمد، سيد.</subfield>
   </datafield>
   <datafield ind1="0" ind2="2" tag="880">
      <subfield code="6">245-02/r</subfield>
      <subfield code="a">الدرة العباسية في العقائد والعبادات الدينية.</subfield>
   </datafield>
   <datafield ind1=" " ind2=" " tag="880">
      <subfield code="6">260-03/r</subfield>
      <subfield code="a">بولاق،</subfield>
      <subfield code="b">المطبعة الكبرا الاميرية،</subfield>
      <subfield code="c">1900.</subfield>
   </datafield>
   <datafield ind1=" " ind2=" " tag="880">
      <subfield code="6">590-04/r</subfield>
      <subfield code="a">بند وث فتح الله، حمزة. العقود الدرية في العقائد التوحيدية. بولاق، 1902.</subfield>
   </datafield>
   <datafield ind1="4" ind2=" " tag="856">
      <subfield code="u">http://hdl.handle.net/2027/njp.32101077797015</subfield>
   </datafield>
   <datafield ind1=" " ind2=" " tag="947">
      <subfield code="a">CFK5493</subfield>
   </datafield>
   <datafield ind1=" " ind2=" " tag="911">
      <subfield code="a">20000220</subfield>
   </datafield>
   <datafield ind1=" " ind2=" " tag="994">
      <subfield code="a">C0</subfield>
      <subfield code="b">PUL</subfield>
   </datafield>
   <datafield ind1=" " ind2=" " tag="999">
      <subfield code="a">1682458</subfield>
   </datafield>
   <datafield ind1=" " ind2=" " tag="979">
      <subfield code="a">(OCoLC)ocn177875140</subfield>
   </datafield>
   <datafield ind1="8" ind2="0" tag="852">
      <subfield code="0">1938848</subfield>
      <subfield code="b">rcppa</subfield>
      <subfield code="t">0</subfield>
      <subfield code="h">2272.664315.331</subfield>
      <subfield code="x">tr fr f</subfield>
   </datafield>
   <datafield ind1="8" ind2=" " tag="852">
      <subfield code="0">8702638</subfield>
      <subfield code="b">elf1</subfield>
      <subfield code="h">Electronic Resource</subfield>
   </datafield>
   <datafield ind1=" " ind2=" " tag="959">
      <subfield code="a">2000-06-08 00:00:00 -0500</subfield>
   </datafield>
</record>
